<?xml version="1.0" encoding="UTF-8"?><record xmlns="http://www.loc.gov/MARC21/slim" xmlns:cinclude="http://apache.org/cocoon/include/1.0" xmlns:zs="http://www.loc.gov/zing/srw/">
  <leader>00518nz  a2200145n  4500</leader>
  <controlfield tag="001">no2010147933</controlfield>
  <controlfield tag="003">DLC</controlfield>
  <controlfield tag="005">20100912075129.0</controlfield>
  <controlfield tag="008">100910n| acannaabn          |a aaa     c</controlfield>
  <datafield tag="010" ind1=" " ind2=" ">
    <subfield code="a">no2010147933</subfield>
  </datafield>
  <datafield tag="035" ind1=" " ind2=" ">
    <subfield code="a">(OCoLC)oca08620873</subfield>
  </datafield>
  <datafield tag="040" ind1=" " ind2=" ">
    <subfield code="a">GU</subfield>
    <subfield code="b">eng</subfield>
    <subfield code="c">GU</subfield>
  </datafield>
  <datafield tag="100" ind1="1" ind2=" ">
    <subfield code="a">Specchia, G.</subfield>
    <subfield code="q">(Giuseppe)</subfield>
  </datafield>
  <datafield tag="400" ind1="1" ind2=" ">
    <subfield code="a">Specchia, Giuseppe</subfield>
  </datafield>
  <datafield tag="670" ind1=" " ind2=" ">
    <subfield code="a">Progressi nella ricerca e nella terapia con nitrati, 1994:</subfield>
    <subfield code="b">t.p. (G. Specchia) p. 1 (Giuseppe Specchia, Sezione di Cardiologia, Dipt. di Medicina Interna, UniversitaĚ di Pavia, Italy)</subfield>
  </datafield>
</record>